001  0000157
005  20180707121930.450
008  170706s||||     bl|||||||||||||||||por|u
020    $a9788534703963
040    $aPorto Alegre$bpor
080    $2299.6(=414/=45)$a1997
090    $a299.6(=414/=45)$bC869a$c2 ed.
100 1  $aCossard, Gisèle Omindarewá
245 10 $aAwó$bo mistério dos orixás$cGisèle Omindarewá Cossard
250    $a2 ed.
260    $aRio de Janeiro$bPallas$c2014
300    $a229 p.
650    $aReligião
650    $aCandomblé
650    $aOrixás
650    $aDeuses iorubás
650    $aReligiosidade
